@book{haynes2016crc,
  title={CRC Handbook of Chemistry and Physics},
  author={Haynes, W. M. and Lide, D. R. and Bruno, T. J.},
  year={2016},
  publisher={CRC Press}
}


@inbook{pcl2002,
  title={物理化学实验},
  author={北京大学化学学院物理化学实验教学组},
  publisher={北京大学出版社},
  address = {北京},
  year={2002},
  edition = 4,
  pages = 5,
}

@book{pku2002physicalchem,
  title = {物理化学实验},
  edition = {第 4 版},
  publisher = {北京大学出版社},
  year = {2002},
  author = {{北京大学化学与分子工程学院物理化学教研组}},
  address = {北京}
}

@article{dong2013zeta,
  title = {界面电泳法测胶体电动电势实验改进},
  subtitle = {Improvements on Experiment of Determining Zeta Potential by Moving-Boundary Electrophoresis},
  author = {董家新 and 谢晓莉 and 陈静},
  journal = {实验技术与管理},
  year = {2013},
  volume = {30},
  number = {4},
  pages = {33-35,39}
}

@article{ruan2015hydroxide,
  title={氢氧化铁胶体制备与性质实验的改进},
  author={阮秀琴 and 尹家卉},
  journal={化学教育},
  volume={36},
  number={10},
  pages={29-31},
  year={2015}
}


@article{fan2009fe,
  title={\ce{Fe(OH)3} 溶胶制备及其纯化新方法},
  author={范文琴 and 周晓慧},
  journal={大连交通大学学报},
  volume={30},
  number={1},
  pages={38-40,52},
  year={2009}
}






