@book{haynes2016crc,
  title={CRC Handbook of Chemistry and Physics},
  author={Haynes, W. M. and Lide, D. R. and Bruno, T. J.},
  year={2016},
  publisher={CRC Press}
}


@inbook{pcl2002,
  title={物理化学实验},
  author={北京大学化学学院物理化学实验教学组},
  publisher={北京大学出版社},
  address = {北京},
  year={2002},
  edition = 4,
  pages = 5,
}

@book{pku2002physicalchem,
  title = {物理化学实验},
  edition = {第 4 版},
  publisher = {北京大学出版社},
  year = {2002},
  author = {{北京大学化学与分子工程学院物理化学教研组}},
  address = {北京}
}







