@book{haynes2016crc,
  title={CRC Handbook of Chemistry and Physics},
  author={Haynes, W. M. and Lide, D. R. and Bruno, T. J.},
  year={2016},
  publisher={CRC Press}
}


@inbook{pcl2002,
  title={物理化学实验},
  author={北京大学化学学院物理化学实验教学组},
  publisher={北京大学出版社},
  address = {北京},
  year={2002},
  edition = 4,
  pages = 5,
}

@misc{sober14,
  author       = {SOBEREVA},
  title        = {乱谈激发态的计算方法},
  year         = {2014},
  url          = {http://sobereva.com/265}
}

@misc{sober15,
  author       = {SOBEREVA},
  title        = {Gaussian中用TDDFT计算激发态和吸收、荧光、磷光光谱的方法},
  year         = {2015},
  url          = {http://sobereva.com/314}
}

